<?xml version="1.0" encoding="UTF-8"?>
<record xmlns="http://www.loc.gov/MARC21/slim" xmlns:xsi="http://www.w3.org/2001/XMLSchema-instance" xsi:schemaLocation="http://www.loc.gov/MARC21/slim http://www.loc.gov/standards/marcxml/schema/MARC21slim.xsd">
<leader>00000cam a22      a 4500</leader>
<controlfield tag="001">002801396</controlfield>
<controlfield tag="003">NNU</controlfield>
<controlfield tag="005">20160304163931.0</controlfield>
<controlfield tag="008">861215m19849999ir h          000 0 ara d</controlfield>
<datafield tag="010" ind1=" " ind2=" ">
<subfield code="a">   85931420</subfield>
</datafield>
<datafield tag="035" ind1=" " ind2=" ">
<subfield code="a">(OCoLC)911018151</subfield>
<subfield code="z">(OCoLC)15123163</subfield>
</datafield>
<datafield tag="040" ind1=" " ind2=" ">
<subfield code="a">NjP</subfield>
<subfield code="b">eng</subfield>
<subfield code="c">N15</subfield>
<subfield code="d">OCLCO</subfield>
<subfield code="d">OCLCF</subfield>
<subfield code="d">OCLCO</subfield>
<subfield code="d">OCLCQ</subfield>
<subfield code="d">OCLCO</subfield>
<subfield code="d">IUL</subfield>
<subfield code="d">OCLCO</subfield>
<subfield code="d">NNU</subfield>
</datafield>
<datafield tag="050" ind1=" " ind2="4">
<subfield code="a">BP193.25.K8416</subfield>
<subfield code="b">M34 1984</subfield>
</datafield>
<datafield tag="100" ind1="1" ind2=" ">
<subfield code="6">880-01</subfield>
<subfield code="a">Majlisī, Muḥammad Bāqir ibn Muḥammad Taqī,</subfield>
<subfield code="d">1627 or 1628-approximately 1699.</subfield>
</datafield>
<datafield tag="245" ind1="1" ind2="0">
<subfield code="6">880-02</subfield>
<subfield code="a">Mirʼāt al-ʻuqūl fī sharḥ akhbār Āl al-Rasūl :</subfield>
<subfield code="b">sharḥ Kitāb al-Kāfī lil-Kulaynī /</subfield>
<subfield code="c">taʼlīf Muḥammad Bāqir al-Majlisī.</subfield>
</datafield>
<datafield tag="246" ind1="3" ind2="0">
<subfield code="6">880-03</subfield>
<subfield code="a">Sharḥ Kitāb al-Kāfī lil-Kulaynī</subfield>
</datafield>
<datafield tag="250" ind1=" " ind2=" ">
<subfield code="6">880-04</subfield>
<subfield code="a">al-Ṭabʻah 2.</subfield>
</datafield>
<datafield tag="260" ind1=" " ind2=" ">
<subfield code="6">880-05</subfield>
<subfield code="a">Tihrān :</subfield>
<subfield code="b">Dār al-Kutub al-Islāmīyah,</subfield>
<subfield code="c">1401- [1984]-</subfield>
</datafield>
<datafield tag="300" ind1=" " ind2=" ">
<subfield code="a">volumes :</subfield>
<subfield code="b">facsimiles ;</subfield>
<subfield code="c">25 cm</subfield>
</datafield>
<datafield tag="336" ind1=" " ind2=" ">
<subfield code="a">text</subfield>
<subfield code="b">txt</subfield>
<subfield code="2">rdacontent</subfield>
</datafield>
<datafield tag="337" ind1=" " ind2=" ">
<subfield code="a">unmediated</subfield>
<subfield code="b">n</subfield>
<subfield code="2">rdamedia</subfield>
</datafield>
<datafield tag="338" ind1=" " ind2=" ">
<subfield code="a">volume</subfield>
<subfield code="b">nc</subfield>
<subfield code="2">rdacarrier</subfield>
</datafield>
<datafield tag="500" ind1=" " ind2=" ">
<subfield code="a">Vol. 14: 1st ed.</subfield>
</datafield>
<datafield tag="500" ind1=" " ind2=" ">
<subfield code="a">"Muqaddimah" (2 v.) by Murtadá al-ʻAskarī.</subfield>
</datafield>
<datafield tag="500" ind1=" " ind2=" ">
<subfield code="a">Vol. 1- edited by Hāshim al-Rasūlī.</subfield>
</datafield>
<datafield tag="500" ind1=" " ind2=" ">
<subfield code="a">Vol. 12-13 edited by Jaʻfar al-Ḥusaynī.</subfield>
</datafield>
<datafield tag="500" ind1=" " ind2=" ">
<subfield code="a">Vol. 14- edited by Muḥsin al-Ḥusaynī al-Amīnī.</subfield>
</datafield>
<datafield tag="600" ind1="1" ind2="0">
<subfield code="6">880-06</subfield>
<subfield code="a">Kulaynī, Muḥammad ibn Yaʻqūb,</subfield>
<subfield code="d">-941?</subfield>
<subfield code="t">Kāfī.</subfield>
</datafield>
<datafield tag="650" ind1=" " ind2="0">
<subfield code="a">Hadith (Shiites)</subfield>
<subfield code="v">Early works to 1800.</subfield>
</datafield>
<datafield tag="630" ind1="0" ind2="7">
<subfield code="a">Kāfī (Kulaynī, Muḥammad ibn Yaʻqūb)</subfield>
<subfield code="2">fast</subfield>
<subfield code="0">(OCoLC)fst01371510</subfield>
</datafield>
<datafield tag="650" ind1=" " ind2="7">
<subfield code="a">Hadith (Shiites)</subfield>
<subfield code="2">fast</subfield>
<subfield code="0">(OCoLC)fst00950138</subfield>
</datafield>
<datafield tag="655" ind1=" " ind2="7">
<subfield code="a">Early works.</subfield>
<subfield code="2">fast</subfield>
<subfield code="0">(OCoLC)fst01411636</subfield>
</datafield>
<datafield tag="700" ind1="1" ind2=" ">
<subfield code="6">880-07</subfield>
<subfield code="a">Amīnī, Muḥsin al-Ḥusaynī.</subfield>
</datafield>
<datafield tag="700" ind1="1" ind2=" ">
<subfield code="6">880-08</subfield>
<subfield code="a">Ḥusaynī, Jaʻfar.</subfield>
</datafield>
<datafield tag="700" ind1="1" ind2=" ">
<subfield code="6">880-09</subfield>
<subfield code="a">Rasūlī Maḥallātī, Hāshim.</subfield>
</datafield>
<datafield tag="700" ind1="1" ind2=" ">
<subfield code="6">880-10</subfield>
<subfield code="a">ʻAskarī, Murtaḍá.</subfield>
</datafield>
<datafield tag="776" ind1="0" ind2="8">
<subfield code="i">Online version:</subfield>
<subfield code="a">Majlisī, Muḥammad Bāqir ibn Muḥammad Taqī, 1627 or 8-approximately 1699.</subfield>
<subfield code="t">Mirʼāt al-ʻuqūl fī sharḥ akhbār Āl al-Rasūl.</subfield>
<subfield code="b">al-Ṭabʻah 2.</subfield>
<subfield code="d">Tihrān : Dār al-Kutub al-Islāmīyah, 1363- [1984-</subfield>
<subfield code="w">(OCoLC)568753316</subfield>
</datafield>
<datafield tag="776" ind1="0" ind2="8">
<subfield code="i">Online version:</subfield>
<subfield code="a">Majlisī, Muḥammad Bāqir ibn Muḥammad Taqī, 1627 or 8-approximately 1699.</subfield>
<subfield code="t">Mirʼāt al-ʻuqūl fī sharḥ akhbār Āl al-Rasūl.</subfield>
<subfield code="b">al-Ṭabʻah 2.</subfield>
<subfield code="d">Tihrān : Dār al-Kutub al-Islāmīyah, 1363- [1984-</subfield>
<subfield code="w">(OCoLC)604921723</subfield>
</datafield>
<datafield tag="880" ind1="1" ind2=" ">
<subfield code="6">100-01/</subfield>
<subfield code="a">مجلسي، محمد باقر بن محمد تقي،</subfield>
<subfield code="d">1627 or 1628-approximately 1699.</subfield>
</datafield>
<datafield tag="880" ind1="1" ind2="0">
<subfield code="6">245-02/</subfield>
<subfield code="a">مرآه العقول في شرح اخبار آل الرسول :</subfield>
<subfield code="b">شرح كتاب الكافي للكليني /</subfield>
<subfield code="c">تأليف محمد باقر المجلسي.</subfield>
</datafield>
<datafield tag="880" ind1="3" ind2="0">
<subfield code="6">246-03/</subfield>
<subfield code="a">شرح كتاب الكافي للكليني</subfield>
</datafield>
<datafield tag="880" ind1=" " ind2=" ">
<subfield code="6">250-04/</subfield>
<subfield code="a">الطبعة 2.</subfield>
</datafield>
<datafield tag="880" ind1=" " ind2=" ">
<subfield code="6">260-05/</subfield>
<subfield code="a">تهران :</subfield>
<subfield code="b">دار الكتب الاسلامية،</subfield>
<subfield code="c">1401- [1984]-</subfield>
</datafield>
<datafield tag="880" ind1="1" ind2="4">
<subfield code="6">600-06/</subfield>
<subfield code="a">كليني، محمد بن يعقوب،</subfield>
<subfield code="d">-941?</subfield>
<subfield code="t">كافي.</subfield>
</datafield>
<datafield tag="880" ind1="1" ind2=" ">
<subfield code="6">700-07/</subfield>
<subfield code="a">اميني، محسن الحسيني.</subfield>
</datafield>
<datafield tag="880" ind1="1" ind2=" ">
<subfield code="6">700-08/</subfield>
<subfield code="a">حسيني، جعفر.</subfield>
</datafield>
<datafield tag="880" ind1="1" ind2=" ">
<subfield code="6">700-09/</subfield>
<subfield code="a">رسولي محلاتي، هاشم.</subfield>
</datafield>
<datafield tag="880" ind1="1" ind2=" ">
<subfield code="6">700-10/</subfield>
<subfield code="a">عسكري، مرتضى.</subfield>
</datafield>
<datafield tag="OWN" ind1=" " ind2=" ">
<subfield code="a">GENERAL</subfield>
</datafield>
<datafield tag="AVA" ind1=" " ind2=" ">
<subfield code="a">NYU50</subfield>
<subfield code="b">BOBST</subfield>
<subfield code="c">Main Collection</subfield>
<subfield code="d">BP193.25 .K843 1984</subfield>
<subfield code="e">unavailable</subfield>
<subfield code="t">Unavailable</subfield>
<subfield code="f">25</subfield>
<subfield code="g">25</subfield>
<subfield code="h">Y</subfield>
<subfield code="i">6</subfield>
<subfield code="j">MAIN</subfield>
<subfield code="k">0</subfield>
</datafield>
</record>
